<?xml version="1.0" encoding="UTF-8" ?>
<marc:record xmlns:marc="http://www.loc.gov/MARC21/slim">
<marc:leader>00909cas a2200229   4500</marc:leader>
<marc:controlfield tag="001">106582</marc:controlfield>

<marc:controlfield tag="008">890224s1868                        ger  </marc:controlfield>

<marc:datafield tag="035" ind1=" " ind2=" ">
<marc:subfield code="a">(Sirsi) 106582</marc:subfield>
</marc:datafield>

<marc:datafield tag="041" ind1=" " ind2=" ">
<marc:subfield code="a">ger</marc:subfield>
</marc:datafield>

<marc:datafield tag="100" ind1="1" ind2=" ">
<marc:subfield code="a">Frank, Albert Bernhard,</marc:subfield>
<marc:subfield code="d">1839-1900</marc:subfield>
</marc:datafield>

<marc:datafield tag="245" ind1="1" ind2="0">
<marc:subfield code="a">Beiträge zur Pflanzenphysiologie /</marc:subfield>
<marc:subfield code="c">von Albert Bernhard Frank </marc:subfield>
</marc:datafield>

<marc:datafield tag="246" ind1="1" ind2="8">
<marc:subfield code="a">A.B. Frank. Opuscula Varia </marc:subfield>
</marc:datafield>

<marc:datafield tag="260" ind1=" " ind2=" ">
<marc:subfield code="a">Leipzig,</marc:subfield>
<marc:subfield code="c">1868 </marc:subfield>
</marc:datafield>

<marc:datafield tag="300" ind1=" " ind2=" ">
<marc:subfield code="a">viii, 167 p., v leaves of plates :</marc:subfield>
<marc:subfield code="b">ill. ;</marc:subfield>
<marc:subfield code="c">23 cm. </marc:subfield>
</marc:datafield>

<marc:datafield tag="501" ind1=" " ind2=" ">
<marc:subfield code="a">Bound in volume lettered &quot;A.B. Frank. Opuscula Varia&quot;. </marc:subfield>
</marc:datafield>

<marc:datafield tag="546" ind1=" " ind2=" ">
<marc:subfield code="a">Text in German. </marc:subfield>
</marc:datafield>

<marc:datafield tag="592" ind1=" " ind2=" ">
<marc:subfield code="a">Scanned for Darwin Library and BHL </marc:subfield>
</marc:datafield>

<marc:datafield tag="596" ind1=" " ind2=" ">
<marc:subfield code="a">1 </marc:subfield>
</marc:datafield>

<marc:controlfield tag="001">Catkey 4903 </marc:controlfield>

<marc:datafield tag="590" ind1="1" ind2=" ">
<marc:subfield code="a">Itemid 210272 </marc:subfield>
</marc:datafield>

<marc:datafield tag="999" ind1=" " ind2=" ">
<marc:subfield code="a">581 FRA</marc:subfield>
<marc:subfield code="w">UDC</marc:subfield>
<marc:subfield code="c">1</marc:subfield>
<marc:subfield code="i">210272</marc:subfield>
<marc:subfield code="d">27/3/1998</marc:subfield>
<marc:subfield code="l">SHELVES</marc:subfield>
<marc:subfield code="m">BOTANY</marc:subfield>
<marc:subfield code="r">Y</marc:subfield>
<marc:subfield code="s">Y</marc:subfield>
<marc:subfield code="t">BOOK</marc:subfield>
<marc:subfield code="u">27/3/1998</marc:subfield>
<marc:subfield code="x">MAIN</marc:subfield>
<marc:subfield code="z">OCTAVO </marc:subfield>
</marc:datafield>

</marc:record>